@comment{BA}
@article{BA,
  title={A Metaheuristic Bat-Inspired Algorithm},
  author={X. S. Yang},
  journal={in: Nature Inspired Cooperative Strategies for Optimization},
  volume={284},
  pages={65-74},
  year={2010},
  publisher={Springer}
}

@comment{mu-CMA-ES}
@article{mu-CMA-ES,
  title={ Convergence properties of evolution strategies with the derandomized covariance matrix adaptation: The (${\mu / \mu_i, \lambda}$)-CMA-ES.},
  author={N. Hansen and A. Ostermeier},
  journal={EUFIT'97, 5th Europ. Congr. on Intelligent Techniques and Soft Computing, Proceedings},
  pages={650--654},
  year={1997},
}

@comment{CMA-ES}
@article{CMA-ES,
  title={Completely Derandomized Self-Adaptation in Evolution Strategies},
  author={N. Hansen and A. Ostermeier},
  journal={Evolutionary Computation},
  volume={9(2)}, 
  pages={159--195},
  year={2001},
}

@comment{NBC}
@article{NBC,
  title={Counteracting genetic drift and disruptive recombination in ($μ + /, \lambda$)-EA on multimodal fitness landscapes.},
  author={M. Preuss, L. Sch$\ddot{o}$nemann, and M. Emmerich.},
  journal={In Proceedings of Genetic and Evolutionary Computation},
}

@comment{nea}
@article{nea,
  title={Counteracting genetic drift and disruptive recombination in ($μ + /, \lambda$)-EA on multimodal fitness landscapes.},
  author={M. Preuss},
  journal={In Proceedings of the 12th annual conference companion on Genetic and evolutionary computation},
  pages={1711-1718},
  year={2010},
  publisher={ACM}
}

@comment{GA}
@article{GA,
  title={Adaptation in natural and artificial systems},
  author={J. H. Holland},
  journal={University of Michigan Press, Ann Arbor, MI},
  year={1975}
}

@comment{PSO}
@article{PSO,
  title={A New Optimizer Using Particle Swarm Theory},
  author={J. Kennedy and R. Eberhart,},
  journal={Proc. Sixth International Symposium on Micro Machine and Human Science},
  pages={39--43},
  year={1995}
}

@comment{DE}
@article{DE,
  title={Differential Evolution – A Simple and Efficient
Heuristic for Global Optimization over Continuous
Spacesy},
  author={R. Storn, K. Price},
  journal={International computer science
institute},
  volume={46},
  number={2},
  year={1995},
  publisher={Institute of Company Secretaries of
India}
}

@comment{CDE}
@article{CDE,
  title={Multimodal Optimization using
Crowding-based Differential Evolution},
  author={R. Thomsen},
  journal={In the
IEEE Congress on Evolutionary Computation},
  volume={2},
  pages={1382-1389},
  year={2004},
}

@comment{Crowding}
@book{Crowding,
  title={An Analysis of the Behavior of a Class of Genetic Adaptive Systems},
  author={De John, A. Kenneth},
  journal={Dissertation Abstracts International},
  volume={36},
  number={5140B},
  year={1975},
  publisher={University of Michigan Ann Arbor, MI, USA}
}

@comment{FS}
@article{FS,
  title={Genetic Algorithms with Sharing for Multimodal Function Optimization},
  author={D. E. Goldberg, and J. Richardson},
  journal={in Proc. of the Second International Conference on Genetic Algorithms},
  year={1987},
  pages={41--49},
  publisher={J. Grefenstette, Ed.}
}

@comment{DNS}
@article{DNS,
  title={Genetic algorithms with dynamic niche sharing for multimodal function optimization},
  author={B. Miller},
  journal={In: Proceedings of the 1996 IEEE International Conference on Evolutionary Computation (ICEC’96)},
  year={1996},
}

@comment{CEC2013}
@article{CEC2013,
  title={ Benchmark Functions for
CEC’2013 Special Session and Competition on Niching Methods for Multimodal
Function Optimization},
  author={X. Li, A. Engelbrecht, and M. G. Epitropakis},
  journal={Evol. Comput.},
  year={2013},
  publisher={RMIT Univ. Melbourne, Australia}
}

@comment{ECCompetition}
@article{ECCompetition,
  title={月周回衛星「かぐや」のデータを用いた多目的最適化による月着陸最適候補地の選定},
  author={西山万里，大嶽久志，星野健，橋本樹明，渡辺毅，立川智章，大山聖},
  journal={宇宙科学情報解析論文誌　第五号},
  year={2015},
  publisher={宇宙航空研究開発機構宇宙科学研究所(JAXA)(ISAS)}
}

@comment{Clustering}
@article{Clustering,
  title={A Fast Genetic Algorithm with Sharing Scheme
Using Cluster Analysis Methods in Multimodal Function Optimization},
  author={X. Yin and N. Germay},
  journal={in the International Conference on Artificial Neural Networks and Genetic Algorithms},
  pages={450--457},
  year={1993},
}

@comment{NN-Clustering}
@article{NN-Clustering,
  title={SLINK: An optimally efficient algorithm for the single-link cluster method},
  author={R. Sibson},
  journal={The Computer Journal},
  URL={https://doi.org/10.1093/comjnl/16.1.30},
  volume={16},
  pages={30--34},
  year={1973},
}

@comment{FN-Clustering}
@article{FN-Clustering,
  title={A method of establishing groups of equal amplitude in plant sociology based on similarity of species and its application to analyses of the vegetation on Danish commons},
  author={T. Sorensen},
  journal={Biologiske Skrifter},
  volume={5},
  pages={1--34},
  year={1948},
}

@comment{NS}
@article{NS,
  title={Exploiting openendedness to solve problems through the search for novelty},
  author={J. Lehman and K. O. Stanley},
  journal={In ALIFE},
  pages={329--336},
  year={2008},
}

@comment{Lehmer}
@article{Lehmer,
  title={JADE: Adaptive Differential Evolution with Optional External Archive},
  author={J. Zhang and A. Sanderson},
  journal={IEEE Transactions on Evolutionary Computation},
  volume={13},
  number = {5},
  pages={945--958},
  year={2009},
}

@comment{dADE}
@article{dADE,
  title={A Dynamic Archive Niching Differential Evolution Algorithm for Multimodal Optimization},
  author={M. G. Epitropakis, X. Li, and E. K. Burke},
  journal={inProc.Congr. Evol. Comput. (CEC)},
  pages={79--86},
  year={2013},
}


@comment{NSBA}
@article{NSBA,
  title={Novelty Search-based Bat Algorithm: Adjusting Distance among Solutions for Multimodal Optimization},
  author={T. Iwase, R. Takano, F. Uwano, H. Sato and K. Takadama},
  journal={Proceedings of The 22nd Asia Pacific Symposium on Intelligent and Evolutionary Systems (IES 2018)},
  pages={29--34},
  year={2018},
}

@comment{NRBA}
@article{NRBA,
  title={複数解探索を考慮した分散型Bat Algorithm},
  author={岩瀬拓哉, 高野諒, 上野史, 佐藤寛之, \UTF{9AD9}玉先生},
  journal={SICE Symposium on Systems and Information 2018},
  year={2018},
  publisher={SS04-10}
}

@comment{MOP}
@article{MOP,
  title={Examples of objective functions},
  author={H. Pohlheim},
  URL = {http://www.geatbx.com/},
  journal={ in Documentation for Genetic and Evolutionary Algorithms for use with MATLAB:GEATbx version 3.7},
  year={2005},
}

@comment{誤差逆伝播法}
@article{backpropagation,
  title={Learning representations by back-propagating errors},
  author={Rumelhart, David E and Hinton, Geoffrey E and Williams, Ronald J},
  journal={Cognitive modeling},
  volume={5},
  pages={3},
  year={1988}
}

@comment{DAE}
@article{DAE,
  title={Reducing the dimensionality of data with neural networks},
  author={Hinton, Geoffrey E and Salakhutdinov, Ruslan R},
  journal={Science},
  volume={313},
  number={5786},
  pages={504--507},
  year={2006},
  publisher={American Association for the Advancement of Science}
}

@comment{AE}
@inproceedings{AE,
  title={Principal components analysis of images via back propagation},
  author={Cottrell, Garrison W and Munro, Paul},
  booktitle={Visual Communications and Image Processing'88: Third in a Series},
  pages={1070--1077},
  year={1988},
  organization={International Society for Optics and Photonics}
}

@comment{AlphaGo}
@article{AlphaGo,
title = {Mastering the game of Go with deep neural networks and tree search},
author  = {David Silver and Aja Huang and Christopher J. Maddison and Arthur Guez and Laurent Sifre and George van den Driessche and Julian Schrittwieser and Ioannis Antonoglou and Veda Panneershelvam and Marc Lanctot and Sander Dieleman and Dominik Grewe and John Nham and Nal Kalchbrenner and Ilya Sutskever and Timothy Lillicrap and Madeleine Leach and Koray Kavukcuoglu and Thore Graepel and Demis Hassabis},
year  = {2016},
URL = {http://www.nature.com/nature/journal/v529/n7587/full/nature16961.html},
journal = {Nature},
pages = {484--503},
volume  = {529}
}

@Inbook{Abedini2011,
	author="Abedini, Mani
	and Kirley, Michael",
	editor="Wang, Dianhui
	and Reynolds, Mark",
	chapter="Guided Rule Discovery in XCS for High-Dimensional Classification Problems",
	title="AI 2011: Advances in Artificial Intelligence: 24th Australasian Joint Conference, Perth, Australia, December 5-8, 2011. Proceedings",
	year="2011",
	publisher="Springer Berlin Heidelberg",
	address="Berlin, Heidelberg",
	pages="1--10",
	isbn="978-3-642-25832-9",
	doi="10.1007/978-3-642-25832-9_1",
	url="http://dx.doi.org/10.1007/978-3-642-25832-9_1"
}

@comment{誤差逆伝播法のフロー}
@techreport{rumelhart1985learning,
  title={Learning internal representations by error propagation},
  author={Rumelhart, David E and Hinton, Geoffrey E and Williams, Ronald J},
  year={1985},
  institution={California Univ San Diego La Jolla Inst for Cognitive Science}
}

@comment{JACIII}
@article{DCA,
  title={XCSR Learning from Compressed Data Acquired by Deep Neural Network (Special Issue on Cutting Edge of Reinforcement Learning and its Applications)},
  author={Matsumoto, Kazuma and Tatsumi, Takato and Sato, Hiroyuki and Kovacs, Tim and Takadama, Keiki},
  journal={Journal of advanced computational intelligence and intelligent informatics},
  volume={21},
  number={5},
  pages={856--867},
  year={2017},
  publisher={Fuji Technology Press}
}

@comment{CEC}
@inproceedings{XCSRwithDAE,
  title={Learning classifier system with deep autoencoder},
  author={Matsumoto, Kazuma and Tajima, Yusuke and Saito, Rei and Nakata, Masaya and Sato, Hiroyuki and Kovacs, Tim and Takadama, Keiki},
  booktitle={Evolutionary Computation (CEC), 2016 IEEE Congress on},
  pages={4739--4746},
  year={2016},
  organization={IEEE}
}

@comment{NEAT}
@article{neat,
  title={Evolving neural networks through augmenting topologies},
  author={Stanley, Kenneth O and Miikkulainen, Risto},
  journal={Evolutionary computation},
  volume={10},
  number={2},
  pages={99--127},
  year={2002},
  publisher={MIT Press}
}


@comment{Variable Autoencoder}
@inproceedings{VAE,
  title={Semi-supervised learning with deep generative models},
  author={Kingma, Diederik P and Mohamed, Shakir and Rezende, Danilo Jimenez and Welling, Max},
  booktitle={Advances in Neural Information Processing Systems},
  pages={3581--3589},
  year={2014}
}